<collection xmlns="http://www.loc.gov/MARC21/slim">
<record>
  <leader>01179nam0a22002411i 450 </leader>
  <controlfield tag="001">IT\ICCU\CNCE\021581</controlfield>
  <controlfield tag="005">20160210000000.0</controlfield>
  <datafield tag="100" ind1=" " ind2=" ">
    <subfield code="a">19970101f1509        0itac0103    ba</subfield>
  </datafield>
  <datafield tag="101" ind1=" " ind2=" ">
    <subfield code="a">LAT</subfield>
  </datafield>
  <datafield tag="102" ind1=" " ind2=" ">
    <subfield code="a">IT</subfield>
  </datafield>
  <datafield tag="200" ind1="1" ind2=" ">
    <subfield code="a">Ad inueniendum nouam lunam et festa mobilia cum eclipsibus solis et lune</subfield>
  </datafield>
  <datafield tag="210" ind1=" " ind2=" ">
    <subfield code="d">\1509?!</subfield>
  </datafield>
  <datafield tag="215" ind1=" " ind2=" ">
    <subfield code="a">\24! c.</subfield>
    <subfield code="d">8ʻ</subfield>
  </datafield>
  <datafield tag="300" ind1=" " ind2=" ">
    <subfield code="a">Stampato a Mondov da Vincenzo Berruerio cfr.: Le cinquecentine piemontesi. A cura di Marina Bersano Begey e Giuseppe Dondi. Torino, Tipografia torinese editrice, 1961-1966, v. 2 p. 518. - La data si ricava dall&apos;anno d&apos;inizio del Lunarium</subfield>
  </datafield>
  <datafield tag="620" ind1=" " ind2=" ">
    <subfield code="a">IT</subfield>
    <subfield code="d">Mondov</subfield>
  </datafield>
  <datafield tag="700" ind1=" " ind2="1">
    <subfield code="a">Granollachs,</subfield>
    <subfield code="b">Bernardo</subfield>
    <subfield code="3">IT\ICCU\CNCA\006238</subfield>
  </datafield>
  <datafield tag="712" ind1="0" ind2="0">
    <subfield code="a">Berruerio, Vincenzo</subfield>
    <subfield code="3">IT\ICCU\CNCT\000339</subfield>
    <subfield code="4">650</subfield>
  </datafield>
  <datafield tag="790" ind1=" " ind2="1">
    <subfield code="a">Granollachs,</subfield>
    <subfield code="b">Bernardo : de</subfield>
    <subfield code="3">IT\ICCU\CNCA\020212</subfield>
    <subfield code="z">Granollachs, Bernardo</subfield>
  </datafield>
  <datafield tag="790" ind1=" " ind2="1">
    <subfield code="a">Bernardo,</subfield>
    <subfield code="b">Granolachs : de#Barzelona</subfield>
    <subfield code="3">IT\ICCU\CNCA\022080</subfield>
    <subfield code="z">Granollachs, Bernardo</subfield>
  </datafield>
  <datafield tag="790" ind1=" " ind2="1">
    <subfield code="a">Granollach,</subfield>
    <subfield code="b">Bernardo</subfield>
    <subfield code="3">IT\ICCU\CNCA\022516</subfield>
    <subfield code="z">Granollachs, Bernardo</subfield>
  </datafield>
  <datafield tag="791" ind1="0" ind2="0">
    <subfield code="a">Berruerius, Vincentius</subfield>
    <subfield code="3">IT\ICCU\CNCT\004351</subfield>
    <subfield code="z">Berruerio, Vincenzo</subfield>
  </datafield>
  <datafield tag="801" ind1=" " ind2="3">
    <subfield code="a">IT</subfield>
    <subfield code="b">ICCU</subfield>
    <subfield code="c">20201114</subfield>
  </datafield>
  <datafield tag="899" ind1=" " ind2=" ">
    <subfield code="a">Biblioteca nazionale centrale. Firenze</subfield>
    <subfield code="1">FI0098</subfield>
    <subfield code="2">CFI CF</subfield>
  </datafield>
</record>
</collection>
